<?xml version="1.0" encoding="utf-8"?>
<record xmlns="http://www.loc.gov/MARC21/slim" xmlns:xsi="http://www.w3.org/2001/XMLSchema-instance" xsi:schemaLocation="http://www.loc.gov/MARC21/slim http://www.loc.gov/standards/marcxml/schema/MARC21slim.xsd">
	<leader>     nam a22     Mi 4500</leader>
	<controlfield tag="001">b17918583</controlfield>
	<controlfield tag="003">LeBAU</controlfield>
	<controlfield tag="006">m        d        </controlfield>
	<controlfield tag="007">cr cn |||m|||a</controlfield>
	<controlfield tag="008">200626s1950    ua      o     000 0 ara d</controlfield>
	<datafield ind1=" " ind2=" " tag="040">
		<subfield code="a">ZYU</subfield>
		<subfield code="b">ara</subfield>
		<subfield code="e">rda</subfield>
		<subfield code="c">ZYU</subfield>
	</datafield>
	<datafield ind1="0" ind2="4" tag="082">
		<subfield code="a">349.297</subfield>
		<subfield code="2">23</subfield>
	</datafield>
	<datafield ind1="1" ind2=" " tag="110">
		<subfield code="6">880-01</subfield>
		<subfield code="a">Egypt.</subfield>
		<subfield code="b">Qism al-Masājid,</subfield>
		<subfield code="e">issuing body.</subfield>
	</datafield>
	<datafield ind1="1" ind2="0" tag="245">
		<subfield code="6">880-02</subfield>
		<subfield code="a">Kitāb al-Fiqh ʻalá al-madhāhib al-arbaʻah.</subfield>
	</datafield>
	<datafield ind1="3" ind2="0" tag="246">
		<subfield code="6">880-03</subfield>
		<subfield code="a">Fiqh ʻalá al-madhāhib al-arbaʻah</subfield>
	</datafield>
	<datafield ind1=" " ind2=" " tag="250">
		<subfield code="6">880-04</subfield>
		<subfield code="a">al-Ṭabʻah al-khāmisah.</subfield>
	</datafield>
	<datafield ind1=" " ind2="1" tag="264">
		<subfield code="6">880-05</subfield>
		<subfield code="a">al-Qāhirah :</subfield>
		<subfield code="b">Maṭbaʻat Dār al-Kitāb al-ʻArabī,</subfield>
		<subfield code="c">1369 H. = 1950 M.</subfield>
	</datafield>
	<datafield ind1=" " ind2=" " tag="300">
		<subfield code="6">880-06</subfield>
		<subfield code="a">online resource (5 volumes)</subfield>
	</datafield>
	<datafield ind1=" " ind2=" " tag="336">
		<subfield code="a">text</subfield>
		<subfield code="2">rdacontent</subfield>
	</datafield>
	<datafield ind1=" " ind2=" " tag="337">
		<subfield code="a">computer</subfield>
		<subfield code="2">rdamedia</subfield>
	</datafield>
	<datafield ind1=" " ind2=" " tag="338">
		<subfield code="a">online resource</subfield>
		<subfield code="2">rdacarrier</subfield>
	</datafield>
	<datafield ind1=" " ind2=" " tag="500">
		<subfield code="a">Part of the Arabic Collections Online (ACO) project, contributed by American University of Beirut's Jafet Memorial Library.</subfield>
	</datafield>
	<datafield ind1=" " ind2=" " tag="533">
		<subfield code="a">Electronic reproduction.</subfield>
		<subfield code="b">New York, N.Y. :</subfield>
		<subfield code="c">New York University,</subfield>
		<subfield code="d">2020.</subfield>
		<subfield code="5">NNU</subfield>
	</datafield>
	<datafield ind1=" " ind2="0" tag="650">
		<subfield code="6">880-07</subfield>
		<subfield code="a">Islamic law.</subfield>
	</datafield>
	<datafield ind1=" " ind2="0" tag="650">
		<subfield code="6">880-08</subfield>
		<subfield code="a">Purity, Ritual</subfield>
		<subfield code="x">Islam.</subfield>
	</datafield>
	<datafield ind1=" " ind2="0" tag="650">
		<subfield code="6">880-09</subfield>
		<subfield code="a">Islam</subfield>
		<subfield code="x">Rituals.</subfield>
	</datafield>
	<datafield ind1=" " ind2="0" tag="650">
		<subfield code="6">880-10</subfield>
		<subfield code="a">Islam</subfield>
		<subfield code="x">Customs and practices.</subfield>
	</datafield>
	<datafield ind1=" " ind2="0" tag="650">
		<subfield code="6">880-11</subfield>
		<subfield code="a">Islam</subfield>
		<subfield code="x">Doctrines.</subfield>
	</datafield>
	<datafield ind1="1" ind2=" " tag="700">
		<subfield code="6">880-12</subfield>
		<subfield code="a">Jazīrī, ʻAbd al-Raḥmān.</subfield>
		<subfield code="e">compiler.</subfield>
		<subfield code="0">https://lccn.loc.gov/nr92015284 ,</subfield>
	</datafield>
	<datafield ind1="2" ind2=" " tag="710">
		<subfield code="a">Jafet Memorial Library.</subfield>
	</datafield>
	<datafield ind1="0" ind2=" " tag="730">
		<subfield code="a">Arabic Collections Online.</subfield>
	</datafield>
	<datafield ind1="0" ind2="8" tag="776">
		<subfield code="i">Print version:</subfield>
		<subfield code="a">Egypt. Qism al-Masājid, issuing body.</subfield>
		<subfield code="t">Kitāb al-Fiqh ʻalá al-madhāhib al-arbaʻah</subfield>
		<subfield code="w">(LeBAU)b17918583</subfield>
	</datafield>
	<datafield ind1="0" ind2="8" tag="787">
		<subfield code="6">880-13</subfield>
		<subfield code="i">has manifestation of work</subfield>
		<subfield code="4">http://rdaregistry.info/Elements/w/P10072 :</subfield>
		<subfield code="a">Jazīrī, ʻAbd al-Raḥmān.</subfield>
		<subfield code="t">Kitāb al-Fiqh ʻalá al-madhāhib al-arbaʻah.</subfield>
		<subfield code="b">al-Ṭabʻah al-thāniyah.</subfield>
		<subfield code="d">[Miṣr] : Maṭbaʻat al-Ḥaḍārah al-Sharqīyah, 1352 H. = 1933 M.</subfield>
		<subfield code="w">(OCoLC)936117364</subfield>
		<subfield code="w">(OCoLC)936117364</subfield>
	</datafield>
	<datafield ind1="0" ind2="8" tag="787">
		<subfield code="6">880-14</subfield>
		<subfield code="i">has manifestation of work</subfield>
		<subfield code="4">http://rdaregistry.info/Elements/w/P10072 :</subfield>
		<subfield code="a">Jazīrī, ʻAbd al-Raḥmān.</subfield>
		<subfield code="t">Kitāb al-Fiqh ʻalá al-madhāhib al-arbaʻah.</subfield>
		<subfield code="b">al-Ṭabʻah al-thālithah.</subfield>
		<subfield code="d">Miṣr : al-Maktabah al-Tijārīyah al-Kubrá, 1938</subfield>
		<subfield code="w">(OCoLC)936117365</subfield>
		<subfield code="w">(OCoLC)936117365</subfield>
	</datafield>
	<datafield ind1="0" ind2="8" tag="787">
		<subfield code="6">880-15</subfield>
		<subfield code="i">has manifestation of work</subfield>
		<subfield code="4">http://rdaregistry.info/Elements/w/P10072 :</subfield>
		<subfield code="a">Jazīrī, ʻAbd al-Raḥmān.</subfield>
		<subfield code="t">Kitāb al-Fiqh ʻalá al-madhāhib al-arbaʻah.</subfield>
		<subfield code="d">[Miṣr] : [publisher not identified], 1933-1950</subfield>
		<subfield code="w">(OCoLC)784325477</subfield>
		<subfield code="w">(OCoLC)784325477</subfield>
	</datafield>
	<datafield ind1="4" ind2="0" tag="856">
		<subfield code="u">http://hdl.handle.net/2333.1/w0vt4n6v</subfield>
	</datafield>
	<datafield ind1="1" ind2=" " tag="880">
		<subfield code="6">110-01</subfield>
		<subfield code="a">مصر.</subfield>
		<subfield code="b">Wizārat al-Awqāf.</subfield>
		<subfield code="b">Qism al-Masājid,</subfield>
		<subfield code="e">هيئة اصدار.</subfield>
		<subfield code="4">isb.</subfield>
	</datafield>
	<datafield ind1="1" ind2="0" tag="880">
		<subfield code="6">245-02</subfield>
		<subfield code="a">كتاب الفقه على المذاهب الأربعة.</subfield>
	</datafield>
	<datafield ind1="3" ind2="0" tag="880">
		<subfield code="6">246-03</subfield>
		<subfield code="a">الفقه على المذاهب الأربعة</subfield>
	</datafield>
	<datafield ind1=" " ind2=" " tag="880">
		<subfield code="6">250-04</subfield>
		<subfield code="a">الطبعة الخامسة.</subfield>
	</datafield>
	<datafield ind1=" " ind2="1" tag="880">
		<subfield code="6">264-05</subfield>
		<subfield code="a">القاهرة :</subfield>
		<subfield code="b">مطبعة دار الكتاب العربي،</subfield>
		<subfield code="c">1369 هـ. = 1950 م.</subfield>
	</datafield>
	<datafield ind1=" " ind2=" " tag="880">
		<subfield code="6">300-06</subfield>
		<subfield code="a">5 اجزاء ؛</subfield>
		<subfield code="c">25 سم</subfield>
	</datafield>
	<datafield ind1=" " ind2=" " tag="880">
		<subfield code="6">500-00</subfield>
		<subfield code="a">في رأس العنوان: &quot;وزارة الأوقاف، قسم المساجد.&quot;</subfield>
	</datafield>
	<datafield ind1=" " ind2=" " tag="880">
		<subfield code="6">500-00</subfield>
		<subfield code="a">&quot;لما تم جمع هذه الاحكام عهدت الوزارة بهذه المجموعة الى احد اعضاء اللجنة الشيخ عبد الرحمن الجزيري، المفتش الاول بالمساجد ليرتب وضعها حتى يكون الكتاب على نسق واحد... وقد قام بما عهد اليه مستعيناً ببعض اعضاء اللجنة على التفصيل المبين بقرارهم.&quot;--الجزء الاول، مقدمة الطبعة الاولى، الصفحة الاخيرة.</subfield>
	</datafield>
	<datafield ind1=" " ind2=" " tag="880">
		<subfield code="6">500-00</subfield>
		<subfield code="a">الجزء الاول. قسم العبادات. ويليه ملحق في الأضحية والذكاة [الزكاة] الشرعية وما يجوز وما لا يجوز على المذاهب الأربعة. -- الجزء الثاني-الثالث. قسم المعاملات -- الجزء الرابع. النكاح والطلاق -- الجزء الخامس. الحدود.</subfield>
	</datafield>
	<datafield ind1=" " ind2=" " tag="880">
		<subfield code="6">590-00</subfield>
		<subfield code="a">في المكتبة: الجزء 1.</subfield>
	</datafield>
	<datafield ind1=" " ind2="4" tag="880">
		<subfield code="6">650-07</subfield>
		<subfield code="a">الفقه الاسلامي.</subfield>
	</datafield>
	<datafield ind1=" " ind2="4" tag="880">
		<subfield code="6">650-08</subfield>
		<subfield code="a">الطهارة، شعائر</subfield>
		<subfield code="x">الاسلام.</subfield>
	</datafield>
	<datafield ind1=" " ind2="4" tag="880">
		<subfield code="6">650-09</subfield>
		<subfield code="a">الاسلام</subfield>
		<subfield code="x">شعائر.</subfield>
	</datafield>
	<datafield ind1=" " ind2="4" tag="880">
		<subfield code="6">650-10</subfield>
		<subfield code="a">الاسلام</subfield>
		<subfield code="x">العادات والممارسات.</subfield>
	</datafield>
	<datafield ind1=" " ind2="4" tag="880">
		<subfield code="6">650-11</subfield>
		<subfield code="a">الاسلام</subfield>
		<subfield code="x">عقائد.</subfield>
	</datafield>
	<datafield ind1="1" ind2=" " tag="880">
		<subfield code="6">700-12</subfield>
		<subfield code="a">الجزيري، عبد الرحمن،</subfield>
		<subfield code="0">https://lccn.loc.gov/nr92015284 ,</subfield>
		<subfield code="e">معد.</subfield>
		<subfield code="4">com.</subfield>
	</datafield>
	<datafield ind1="0" ind2="8" tag="880">
		<subfield code="6">787-13</subfield>
		<subfield code="i">لديه تجسيدة لعمل</subfield>
		<subfield code="4">http://rdaregistry.info/Elements/w/P10072 :</subfield>
		<subfield code="a">الجزيري، عبد الرحمن.</subfield>
		<subfield code="t">كتاب الفقه على المذاهب الأربعة.</subfield>
		<subfield code="b">الطبعة الثانية.</subfield>
		<subfield code="d">[مصر] : مطبعة الحضارة الشرقية، 1352 هـ. = 1933 م</subfield>
		<subfield code="w">(LEAUB)b17918595</subfield>
		<subfield code="w">(OCoLC)936117364</subfield>
	</datafield>
	<datafield ind1="0" ind2="8" tag="880">
		<subfield code="6">787-14</subfield>
		<subfield code="i">لديه تجسيدة لعمل</subfield>
		<subfield code="4">http://rdaregistry.info/Elements/w/P10072 :</subfield>
		<subfield code="a">الجزيري، عبد الرحمن.</subfield>
		<subfield code="t">كتاب الفقه على المذاهب الأربعة .</subfield>
		<subfield code="b">الطبعة الثالثة.</subfield>
		<subfield code="d">مصر : المكتبة التجارية الكبرى، 1938</subfield>
		<subfield code="w">(LEAUB)b17918613</subfield>
		<subfield code="w">(OCoLC)936117365</subfield>
	</datafield>
	<datafield ind1="0" ind2="8" tag="880">
		<subfield code="6">787-15</subfield>
		<subfield code="i">لديه تجسيدة لعمل</subfield>
		<subfield code="4">http://rdaregistry.info/Elements/w/P10072 :</subfield>
		<subfield code="a">الجزيري، عبد الرحمن.</subfield>
		<subfield code="t">كتاب الفقه على المذاهب الأربعة.</subfield>
		<subfield code="d">[مصر] : [الناشر غير محدد]، 1933-1950</subfield>
		<subfield code="w">(LEAUB)b12457255</subfield>
		<subfield code="w">(OCoLC)784325477</subfield>
	</datafield>
	<datafield ind1=" " ind2=" " tag="959">
		<subfield code="a">NNU</subfield>
		<subfield code="b">WEB</subfield>
		<subfield code="c">GENI</subfield>
		<subfield code="t">0</subfield>
		<subfield code="m">Electronic access</subfield>
		<subfield code="s">01</subfield>
	</datafield>
	<datafield ind1=" " ind2=" " tag="999">
		<subfield code="i">LeBAU_b17918583</subfield>
		<subfield code="s">aub_aco003897:v.1</subfield>
		<subfield code="e">(ERROR-MISC)</subfield>
		<subfield code="s">aub_aco003897:v.1</subfield>
	</datafield>
</record>
